<?xml version="1.0" encoding="UTF-8"?><collection xmlns="http://www.loc.gov/MARC21/slim"><record><leader>00460nam--2200181-i-4500</leader><controlfield tag="001">000033972</controlfield><controlfield tag="002">20161230</controlfield><controlfield tag="005">20161230201039</controlfield><controlfield tag="008">060222s1000------------r-----000-0-eng-d</controlfield><datafield ind1=" " ind2=" " tag="040"><subfield code="a">IFIN-HH</subfield></datafield><datafield ind1=" " ind2=" " tag="080"><subfield code="a">531.19:536.7</subfield></datafield><datafield ind1="1" ind2=" " tag="100"><subfield code="a">Morse, Philip M</subfield></datafield><datafield ind1="1" ind2="0" tag="245"><subfield code="a">Thermal physics</subfield><subfield code="c">Philip m. morse</subfield></datafield><datafield ind1=" " ind2=" " tag="250"><subfield code="a">Revised Edition</subfield></datafield><datafield ind1=" " ind2=" " tag="260"><subfield code="a">New York</subfield><subfield code="b">W.A.Benjamin, Inc</subfield><subfield code="c">1964</subfield></datafield><datafield ind1=" " ind2=" " tag="300"><subfield code="a">XIII + 455P</subfield></datafield><datafield ind1=" " ind2=" " tag="852"><subfield code="a">29842</subfield><subfield code="c">536.7</subfield></datafield><datafield ind1=" " ind2=" " tag="CAT"><subfield code="a">Sys</subfield><subfield code="c">20110517</subfield><subfield code="h">115653</subfield></datafield></record></collection>